% Author(s), year, title, journal, volume, pages.

%Centers for Disease Control and Prevention. 2020. Coronavirus Disease 2019 %(COVID-19). 
@article{center,
author={Center for Disease Control and Prevention},
year={2020},
title={Coronavirus Disease 2019 (COVID-19)}
}

@article{kermack,
author={Bacaër N},
year={2011},
title={McKendrick and Kermack on epidemic modelling (1926–1927)},
journal={A Short History of Mathematical Population Dynamics},
pages={89-96}
}

@article{sir,
author={Mathematical Association of America},
year={2020},
title={The SIR Model for the Spread of Disease - The Differential Equation Model}
}

@article{control,
author={Dong et al},
year={2020},
title={Effectiveness of Control Strategies for Coronavirus Disease 2019: a SEIR Dynamic Modeling Study},
journal={Bull World Health Organization}
}

@article{parameter,
author={Wang et al},
year={2020},
title={Phase-adjusted Estimation of the Number of Coronavirus Disease 2019 Cases in Wuhan, China},
journal={Nature},
volume={6}
}

@article{who,
author={World Health Organization},
year={2020},
title={Coronavirus Disease (COVID-2019) situation reports}
}

@article{seir,
author={Institute for Disease Modeling},
year={2019},
title={SEIR and SEIRS Models},
journal={IDM}
}

@article{flu,
author={Centers for Disease Control and Prevention},
year={2020},
title={2019-2020 Vaccine Effectiveness},
}

@article{rate,
author={Wang et al},
year={2018},
title={Influenza vaccination coverage of population and the factors influencing influenza vaccination in mainland China},
journal={Pub Med},
volume={48},
}

@article{rzero,
author={Stephanie Soucheray},
year={2020},
title={Study of 72,000 COVID-19 patients finds 2.3 Percent death rate},
journal={Center for Infectious Disease Research and Policy, University of Minnesota},
}

@article{gamma,
author={Chen et al},
year={2020},
title={Epidemiological and clinical characteristics of 99 cases of 2019 novel coronavirus pneumonia in Wuhan, China: a descriptive study},
journal={The Lancet},
volume={395}
}

@article{sigma,
author={Li et al},
year={2020},
title={Early Transmission Dynamics in Wuhan, China, of Novel Coronavirus–Infected Pneumonia},
journal={The New England Journal of Medicine},
}